
@misc{colliding_certs,
  title = {Colliding X.509 Certificates for Different Identities},
  howpublished = {\url{https://www.win.tue.nl/hashclash/TargetCollidingCertificates/}},
  year = 2009
}

@misc{how_md5_works,
  title = {Creating a Rogue CA Certificate},
  howpublished = {\url{http://www.win.tue.nl/hashclash/rogue-ca/}},
  year = 2008
}

@misc{selinger,
  title = {MD5 Collision Demo},
  howpublished = {\url{http://www.mscs.dal.ca/~selinger/md5collision/}},
  year = 2006
}


@mastersthesis{stevens2007,
  author       = {Marc Stevens},
  title        = {On Collisions for MD5},
  school      = {Eindhoven University of Technology},
  year         = 2007,
  month        = 6
}


@inproceedings{Black:2006:MD5,
 author = {Black, John and Cochran, Martin and Highland, Trevor},
 title = {A Study of the MD5 Attacks: Insights and Improvements},
 booktitle = {Proceedings of the 13th International Conference on Fast Software Encryption},
 series = {FSE'06},
 year = {2006},
 isbn = {3-540-36597-4, 978-3-540-36597-6},
 location = {Graz, Austria},
 pages = {262--277},
 numpages = {16},
 url = {http://dx.doi.org/10.1007/11799313_17},
 doi = {10.1007/11799313_17},
 acmid = {2123073},
 publisher = {Springer-Verlag},
 address = {Berlin, Heidelberg},
 keywords = {MD5, cryptographic Hash functions, differential cryptanalysis},
}


@misc{shattered,
   author = {Marc Stevens and Elie Bursztein and Pierre Karpman and Ange Albertini and Yarik Markov},
   title = {{The first collision for full SHA-1}},
   year = 2017,
   howpublished = {CWI Amsterdam and Google Research, \url{https://shattered.io/}}
}

